
@book{strunk,
	address = {New York},
	edition = {Fourth},
	title = {The {Elements} of {Style}},
	publisher = {Longman},
	author = {{Strunk, William Jr.} and {White, E.B.}},
	year = {1979},
}

@book{apaman,
	edition = {4},
	title = {Publication manual of the {American} {Psychological} {Association} 2020: the official guide to {APA} style},
	publisher = {American Psychological Association},
	author = {{American Psychological Association}},
	year = {1994},
}

@article{loftus1996,
	title = {Psychology will be a much better science when we change the way we analyze data},
	volume = {5},
	number = {6},
	journal = {Current directions in psychological science},
	author = {Loftus, Geoffrey R.},
	year = {1996},
	note = {Publisher: SAGE Publications Sage CA: Los Angeles, CA},
	pages = {161--171},
}
