
@book{ronald_a_fisher_statistical_1925,
	address = {Edenburgh},
	title = {Statistical {Methods} for {Research} {Workers}},
	publisher = {Oliver \& Boyd},
	author = {{Ronald A. Fisher}},
	year = {1925},
}
