
@book{strunk_william_jr_elements_1979,
	address = {New York},
	edition = {Fourth},
	title = {The {Elements} of {Style}},
	publisher = {Longman},
	author = {{Strunk, William Jr.} and {White, E.B.}},
	year = {1979},
}
